@article{zaripov2021mechanism,
  title={On a mechanism of near-wall reverse flow formation in a turbulent duct flow},
  author={Zaripov, Dinar and Ivashchenko, Vladislav and Mullyadzhanov, Rustam and Li, Renfu and Mikheev, Nikolay and K{\"a}hler, Christian J},
  journal={Journal of Fluid Mechanics},
  volume={923},
  pages={A20},
  year={2021},
  publisher={Cambridge University Press}
}

@article{zaripov2021reverse,
  title={Reverse flow phenomenon in duct corners at a low Reynolds number},
  author={Zaripov, Dinar and Ivashchenko, Vladislav and Mullyadzhanov, Rustam and Li, Renfu and Markovich, Dmitriy and K{\"a}hler, Christian J},
  journal={Physics of Fluids},
  volume={33},
  number={8},
  pages={085130},
  year={2021},
  publisher={AIP Publishing LLC}
}

@article{ivashchenko2021effect,
  title={The effect of Reynolds number on near-wall reverse flow in a turbulent duct flow},
  author={Ivashchenko, VA and Zaripov, DI and Mullyadzhanov, RI},
  journal={Journal of Physics: Conference Series},
  volume={2119},
  number={1},
  pages={012032},
  year={2021},
  organization={IOP Publishing}
}