% ГОСТ Р 7.0.11-2011, Приложение Б, Книги
@misc{nek,
    author = {Kerkemeier S. G. and Fischer P. F. and Lottes J. W.},
    title  = {Nek5000: Open source spectral element CFD solver. Available at http://nek5000.mcs.anl.gov},
    year   = {2008}
},

@misc{abramowitz1988handbook,
  title={Handbook of mathematical functions with formulas, graphs, and mathematical tables},
  author={Abramowitz, Milton and Stegun, Irene A and Romer, Robert H},
  year={1988},
  publisher={American Association of Physics Teachers}
}

@article{gear1971numerical,
  title={Numerical initial value problems in ordinary differential equations},
  author={Gear, C William},
  journal={Prentice-Hall series in automatic computation},
  year={1971}
}

@article{tomboulides1997numerical,
  title={Numerical simulation of low Mach number reactive flows},
  author={Tomboulides, AG and Lee, JCY and Orszag, SA},
  journal={Journal of Scientific Computing},
  volume={12},
  pages={139--167},
  year={1997},
  publisher={Springer}
}

@book{richardson1922weather,
  title={Weather prediction by numerical process},
  author={Richardson, Lewis Fry},
  year={1922},
  publisher={University Press}
}

@article{eckelmann1974structure,
  title={The structure of the viscous sublayer and the adjacent wall region in a turbulent channel flow},
  author={Eckelmann, Helmut},
  journal={Journal of fluid Mechanics},
  volume={65},
  number={3},
  pages={439--459},
  year={1974},
  publisher={Cambridge University Press}
}

@article{robinson1991coherent,
  title={Coherent motions in the turbulent boundary layer},
  author={Robinson, Stephen K},
  journal={Annual review of fluid mechanics},
  volume={23},
  number={1},
  pages={601--639},
  year={1991},
  publisher={Annual Reviews 4139 El Camino Way, PO Box 10139, Palo Alto, CA 94303-0139, USA}
}

@article{kuhnen2018destabilizing,
  title={Destabilizing turbulence in pipe flow},
  author={K{\"u}hnen, Jakob and Song, Baofang and Scarselli, Davide and Budanur, Nazmi Burak and Riedl, Michael and Willis, Ashley P and Avila, Marc and Hof, Bj{\"o}rn},
  journal={Nature Physics},
  volume={14},
  number={4},
  pages={386--390},
  year={2018},
  publisher={Nature Publishing Group UK London}
}

@article{kuhnen2019relaminarization,
  title={Relaminarization of pipe flow by means of 3d-printed shaped honeycombs},
  author={K{\"u}hnen, Jakob and Scarselli, Davide and Hof, Bj{\"o}rn},
  journal={Journal of Fluids Engineering},
  volume={141},
  number={11},
  year={2019},
  publisher={American Society of Mechanical Engineers Digital Collection}
}

@article{el2014turbulent,
  title={Turbulent pipe flow: Statistics, Re-dependence, structures and similarities with channel and boundary layer flows},
  author={El Khoury, George K and Schlatter, Philipp and Brethouwer, Geert and Johansson, Arne V},
  journal={Journal of Physics: Conference Series},
  volume={506},
  number={1},
  pages={012010},
  year={2014},
  organization={IOP Publishing}
}

@article{gritsevskyi2016outlook,
  title={Outlook for Global Nuclear Power: Energy, Electricity and Nuclear Power Estimates for the Period up to 2050},
  author={Gritsevskyi, A},
  journal={IAEA Report},
  year={2016}
}

@article{meyer2010discovery,
  title={From discovery to recognition of periodic large scale vortices in rod bundles as source of natural mixing between subchannels—a review},
  author={Meyer, Leonhard},
  journal={Nuclear Engineering and Design},
  volume={240},
  number={6},
  pages={1575--1588},
  year={2010},
  publisher={Elsevier}
}

@article{shams2018towards,
  title={Towards the Direct Numerical Simulation of a closely-spaced bare rod bundle},
  author={Shams, Afaque and Kwiatkowski, Tomasz},
  journal={Annals of Nuclear Energy},
  volume={121},
  pages={146--161},
  year={2018},
  publisher={Elsevier}
}